@article{VIIRSEDA20121743,
  title = {An Innovative Teaching Tool for the Verification of Abstract Data Type Implementations from Formal Algebraic Specifications},
  journal = {Procedia Computer Science},
  volume = {9},
  pages = {1743-1752},
  year = {2012},
  note = {Proceedings of the International Conference on Computational Science, ICCS 2012},
  issn = {1877-0509},
  doi = {https://doi.org/10.1016/j.procs.2012.04.192},
  url = {https://www.sciencedirect.com/science/article/pii/S1877050912003134},
  author = {Rafael del Vado Vírseda and Fernando Pérez Morente},
}

@INPROCEEDINGS{6405251,
  author={Sutton, Andrew and Zalewski, Marcin},
  booktitle={2012 28th IEEE International Conference on Software Maintenance (ICSM)},
  title={Testing C++ generic libraries},
  year={2012},
  pages={36-45},
  doi={10.1109/ICSM.2012.6405251},
  ISSN={1063-6773},
  month={9}
}

@INPROCEEDINGS{8411752,
  author={Bonfanti, Silvia and Gargantini, Angelo and Mashkoor, Atif},
  booktitle={2018 IEEE International Conference on Software Testing, Verification and Validation Workshops (ICSTW)},
  title={Generation of C++ Unit Tests from Abstract State Machines Specifications},
  year={2018},
  pages={185-193},
  doi={10.1109/ICSTW.2018.00049},
  month={4}
}

@online{cppreference_concepts,
  title={Constraints and concepts},
  author={cppreference.com},
  year={2017},
  url={https://en.cppreference.com/w/cpp/language/constraints},
  urldate={2025}
}

@online{cppreference_list,
  title={Standard library header <list>},
  author={cppreference.com},
  year={2011},
  url={https://en.cppreference.com/w/cpp/container/list},
  urldate={2025}
}

@online{cppreference_type_traits,
  title={Standard library header <type\_traits>},
  author={cppreference.com},
  year={2012},
  url={https://en.cppreference.com/w/cpp/header/type_traits},
  urldate={2025}
}

@online{cppreference_sfinae,
  title={SFINAE (Substitution Failure Is Not An Error)},
  author={cppreference.com},
  year={2014},
  url={https://en.cppreference.com/w/cpp/language/sfinae},
  urldate={2025}
}

@online{cppreference_c11,
  title={C++11 overview},
  author={cppreference.com},
  year={2019},
  url={https://en.cppreference.com/w/cpp/11},
  urldate={2025}
}
@online{cppreference_c14,
  title={C++14 overview},
  author={cppreference.com},
  year={2019},
  url={https://en.cppreference.com/w/cpp/14},
  urldate={2025}
}
@online{cppreference_c17,
  title={C++17 overview},
  author={cppreference.com},
  year={2019},
  url={https://en.cppreference.com/w/cpp/17},
  urldate={2025}
}
@online{cppreference_c20,
  title={C++20 overview},
  author={cppreference.com},
  year={2019},
  url={https://en.cppreference.com/w/cpp/20},
  urldate={2025}
}

@online{cppreference_c23,
  title={C++23 overview},
  author={cppreference.com},
  year={2020},
  url={https://en.cppreference.com/w/cpp/23},
  urldate={2025}
}

@online{github_catch2,
  title={Why do we need yet another C++ test framework?},
  author={Catch2 team},
  year={2023},
  url={https://github.com/catchorg/Catch2/blob/devel/docs/why-catch.md},
  urldate={2025}
}

@online{github_doctest,
  title={How is doctest different from Catch?},
  author={doctest team},
  year={2023},
  url={https://github.com/doctest/doctest/blob/master/doc/markdown/faq.md#how-is-doctest-different-from-catch},
  urldate={2025}
}

@online{geeksforgeeks_functors,
  title={Functors in C++},
  author={Supriya Srivatsa},
  year={2023},
  url={https://www.geeksforgeeks.org/functors-in-cpp/},
  urldate={2025}
}

@online{java_docs,
  title={Java Collections documentation},
  author={Oracle},
  year={2024},
  url={https://docs.oracle.com/en/java/javase/24/docs/api/java.base/java/util/Collections.html},
  urldate={2025}
}

@online{dotnet_docs,
  title={.NET Collections documentation},
  author={Microsoft},
  year={2023},
  url={https://learn.microsoft.com/en-us/dotnet/standard/collections/},
  urldate={2025}
}

@online{rust_collections,
  title={Rust std::collections module documentation},
  author={Rust Foundation},
  year={2025},
  url={https://doc.rust-lang.org/std/collections/index.html},
  urldate={2025}
}

@online{c++_containers,
  title={C++ Containers library documentation},
  author={cppreference.com},
  year={2025},
  url={https://en.cppreference.com/w/cpp/container},
  urldate={2025}
}

@unpublished{prednaska_aus1,
  author = {Ing. Michal Varga PhD.},
  note = {UNIZA FRI, Katedra Informatiky},
  title = {Prednáška AaUS 1 -- Úvod, Zložitosť, Kódovanie údajov},
  year = {2024}
}

@book{10162792,
  author={Bill Weinman},
  title={C++20 STL Cookbook: Leverage the latest features of the STL to solve real-world problems},
  year={2022},
  publisher={Packt Publishing},
  isbn={9781803239057},
  url={https://ieeexplore.ieee.org/document/10162792},
}

@book{c++_stroustrup,
  author = {Bjarne Stroustrup},
  publisher = {Addison-Wesley Professional},
  title = {The C++ Programming Language, 4th Edition},
  year = {2013},
  isbn = {978-0275967307},
}

@book{c++_holzner,
  author = {Steven Holzner},
  publisher = {Coriolis Group, U.S.},
  title = {C++ Black Book},
  year = {2000},
  isbn = {978-1576107775},
}

@book{c++_musser,
  author = {David R. Musser and Gillmer J. Derge},
  publisher = {Addison-Wesley Professional},
  title = {STL Tutorial and Reference Guide: C++ Programming with the Standard Template Library},
  edition = {2},
  year = {2001},
  isbn = {978-0321702128},
}

@book{c++_stroustrup_tour,
  author = {Bjarne Stroustrup},
  publisher = {Addison-Wesley Professional},
  title = {Tour of C++, A (C++ In-Depth Series)},
  edition = {3},
  year = {2022},
  isbn = {978-0136816485},
}

@book{design_patterns,
  author = {Erich Gamma and Richard Helm and Ralph Johnson and John Vlissides},
  publisher = {Addison-Wesley Professional},
  title = {Design Patterns: Elements of Reusable Object-Oriented Software},
  edition = {1},
  year = {1994},
  isbn = {978-0201633610},
}

@book{aus1,
  author = {Michal Varga and Miroslav Kvaššay and Michal Mrena and Valent Klima and Antonín Kavička and Norbert Adamko},
  publisher = {EDIS - vydavateľstvo UNIZA},
  title = {Algoritmy a údajové štruktúry 1. diel: Reprezentácia údajov v pamäti},
  edition = {1},
  year = {2025},
  isbn = {978-80-554-2134-6},
}

@book{aus2,
  author = {Michal Varga and Miroslav Kvaššay and Michal Mrena and Valent Klima and Antonín Kavička and Norbert Adamko},
  publisher = {EDIS - vydavateľstvo UNIZA},
  title = {Algoritmy a údajové štruktúry 2. diel: Abstraktné pamäťové typy a štruktúry},
  edition = {1},
  year = {2025},
  isbn = {978-80-554-2135-3},
}

@book{aus3,
  author = {Michal Varga and Miroslav Kvaššay and Michal Mrena and Valent Klima and Antonín Kavička and Norbert Adamko},
  publisher = {EDIS - vydavateľstvo UNIZA},
  title = {Algoritmy a údajové štruktúry 3. diel: Abstraktné údajové typy a štruktúry},
  edition = {1},
  year = {2025},
  isbn = {978-80-554-2136-0},
}

@online{stackoverflow_stl_vs_stdlib,
  title={What's the difference between "STL" and "C++ Standard Library"?},
  author={Lightness Races in Orbit},
  year={2011},
  url={https://stackoverflow.com/a/5205571},
  urldate={2025}
}

@online{github_googletest,
  title={GoogleTest Primer},
  author={GoogleTest team},
  year={2024},
  url={https://google.github.io/googletest/primer.html},
  urldate={2025}
}

@online{boost_test,
  title={Boost.Test official documentation},
  author={Gennadiy Rozental and Raffi Enficiaud},
  year={2022},
  url={https://www.boost.org/doc/libs/1_88_0/libs/test/doc/html/index.html},
  urldate={2025}
}

@online{mit_license,
  title={The MIT License},
  author={open source initiative},
  year={2007},
  url={https://opensource.org/license/mit},
  urldate={2025}
}
